% !Mode:: "TeX:UTF-8"

@article{yang2004jiyu,
  title={基于知识的卫星故障诊断与预测方法},
  author={杨天社 and 杨开忠 and 李怀祖},
  journal={中国工程科学},
  volume={5},
  number={6},
  pages={63--67},
  year={2004}，
  language={Chinese}
}

@article{qin2010yizhong,
	title={一种基于历史遥测数据的在轨卫星故障预警系统},
	author={秦巍 and 郭永富},
	journal={航天器工程},
	number={6},
	pages={40--45},
	year={2010}
	language={Chinese}
}

@article{belov2005space,
	title={Space weather research: the connection between satellite malfunction data and cosmic ray activity indices},
	author={Belov, AV and Eroshenko, EA and Yanke, VG and Kryakunova, ON and Nikolaevskiy, NF},
	journal={International Journal of Modern Physics A},
	volume={20},
	number={29},
	pages={6675--6677},
	year={2005},
	publisher={World Scientific}
}

@article{grossmann1984decomposition,
	title={Decomposition of Hardy functions into square integrable wavelets of constant shape},
	author={Grossmann, Alexander and Morlet, Jean},
	journal={SIAM journal on mathematical analysis},
	volume={15},
	number={4},
	pages={723--736},
	year={1984},
	publisher={SIAM}
}

@book{box2011time,
	title={Time series analysis: forecasting and control},
	author={Box, George EP and Jenkins, Gwilym M and Reinsel, Gregory C},
	volume={734},
	year={2011},
	publisher={John Wiley \& Sons}
}

@techreport{ancona1999properties,
	title={Properties of support vector machines for regression},
	author={Ancona, Nicola},
	year={1999},
	institution={Technical report, Instituto Elaborazione segnali ed immagini, Bari, Italy}
}

@article{cortes1995support,
	title={Support-vector networks},
	author={Cortes, Corinna and Vapnik, Vladimir},
	journal={Machine learning},
	volume={20},
	number={3},
	pages={273--297},
	year={1995},
	publisher={Springer}
}

@article{zadeh1965fuzzy,
	title={Fuzzy sets},
	author={Zadeh, Lotfi A},
	journal={Information and control},
	volume={8},
	number={3},
	pages={338--353},
	year={1965},
	publisher={Elsevier}
}